%% This BibTeX bibliography file was created using BibDesk.
%% http://bibdesk.sourceforge.net/


%% Created for Mike Frank at 2023-07-08 18:03:09 +0200 


%% Saved with string encoding Unicode (UTF-8) 

@article{lebel2018,
 title={A unified framework to quantify the credibility of scientific findings},
  author={LeBel, Etienne P and McCarthy, Randy J and Earp, Brian D and Elson, Malte and Vanpaemel, Wolf},
  journal={Advances in Methods and Practices in Psychological Science},
  volume={1},
  number={3},
  pages={389--402},
  year={2018},
  doi={https://doi.org/10.1177/2515245918787489},
  url={https://doi.org/10.1177/2515245918787489},
  publisher={Sage Publications Sage CA: Los Angeles, CA}
}


@article{greenwald1976,
  title={Within-subjects designs: To use or not to use?},
  author={Greenwald, Anthony G},
  journal={Psychological Bulletin},
  volume={83},
  number={2},
  pages={314},
  year={1976},
  doi={https://doi.org/10.1037/0033-2909.83.2.314},
  url={https://doi.org/10.1037/0033-2909.83.2.314},
  publisher={American Psychological Association}
}

@misc{osfdata,
  title={Meta Analysis of class replication projects from PSYCH251},
  publisher={OSF},
  doi={10.17605/OSF.IO/XWN9M},
  url={10.17605/OSF.IO/XWN9M},
  author={Boyce, Veronica},
  year={2023},
  month={Oct}
}

@article{hawkins2018,
	author = {Hawkins, Robert D and Smith, Eric N and Au, Carolyn and Arias, Juan Miguel and Catapano, Rhia and Hermann, Eric and Keil, Martin and Lampinen, Andrew and Raposo, Sarah and Reynolds, Jesse and Salehi, Shima and Salloum, Justin and Tan, Jed and Frank, Michael C},
	journal = {Advances in Methods and Practices in Psychological Science},
	month = mar,
	number = 1,
	pages = {7--18},
	publisher = {SAGE Publications Inc},
	title = {Improving the Replicability of Psychological Science Through Pedagogy},
	doi={https://doi.org/10.1177/2515245917740427},
	url={https://doi.org/10.1177/2515245917740427},
	volume = 1,
	year = 2018}

@misc{frank2023,
	author = {Frank, Michael C and Braginsky, Mika and Cachia, Julie and Coles, Nicholas and Hardwicke, Tom and Hawkins, Robert and Mathur, Maya B and Williams, Rondeline},
	publisher = {Boston, MA: MIT Press},
	title = {Experimentology: an open science approach to experimental psychology methods},
	year = {2023}}

@book{rosenthal2008,
	author = {Rosenthal, Robert and Rosnow, Ralph L},
	title = {Essentials of behavioral research: Methods and data analysis},
	year = {2008}}

@article{flake2020,
	author = {Flake, Jessica Kay and Fried, Eiko I},
	journal = {Advances in Methods and Practices in Psychological Science},
	number = {4},
	pages = {456--465},
	publisher = {Sage Publications Sage CA: Los Angeles, CA},
	title = {Measurement schmeasurement: Questionable measurement practices and how to avoid them},
	volume = {3},
	doi={https://doi.org/10.1177/2515245920952393},
	url={https://doi.org/10.1177/2515245920952393},
	year = {2020}}

@article{simmons2011,
	author = {Simmons, Joseph P and Nelson, Leif D and Simonsohn, Uri},
	journal = {Psychological science},
	number = {11},
	pages = {1359--1366},
	publisher = {Sage Publications Sage CA: Los Angeles, CA},
	title = {False-positive psychology: Undisclosed flexibility in data collection and analysis allows presenting anything as significant},
	doi={https://doi.org/10.1177/0956797611417632},
	url={https://doi.org/10.1177/0956797611417632},
	volume = {22},
	year = {2011}}

@article{smaldino2016,
	author = {Paul E. Smaldino and Richard McElreath},
	doi = {10.1098/rsos.160384},
	journal = {Royal Society Open Science},
	month = {sep},
	number = {9},
	pages = {160384},
	publisher = {The Royal Society},
	title = {The natural selection of bad science},
	url = {https://doi.org/10.1098%2Frsos.160384},
	volume = {3},
	year = 2016
	}

@article{altmejd2019,
	author = {Altmejd, Adam and Dreber, Anna and Forsell, Eskil and Huber, Juergen and Imai, Taisuke and Johannesson, Magnus and Kirchler, Michael and Nave, Gideon and Camerer, Colin},
	date = {2019-12-05},
	doi = {10.1371/journal.pone.0225826},
	issn = {1932-6203},
	journaltitle = {PLOS ONE},
	langid = {english},
	number = {12},
	pages = {e0225826},
	publisher = {{Public Library of Science}},
	shortjournal = {PLOS ONE},
	title = {Predicting the Replicability of Social Science Lab Experiments},
	url = {https://doi.org/10.1371/journal.pone.0225826},
	volume = {14},}

@article{anderson2016,
	author = {Anderson, Christopher J. and Bahn\'ik, \vSt\vep\'an and Barnett-Cowan, Michael and Bosco, Frank A. and Chandler, Jesse and Chartier, Christopher R. and Cheung, Felix and Christopherson, Cody D. and Cordes, Andreas and Cremata, Edward J. and Della Penna, Nicolas and Estel, Vivien and Fedor, Anna and Fitneva, Stanka A. and Frank, Michael C. and Grange, James A. and Hartshorne, Joshua K. and Hasselman, Fred and Henninger, Felix and van der Hulst, Marije and Jonas, Kai J. and Lai, Calvin K. and Levitan, Carmel A. and Miller, Jeremy K. and Moore, Katherine S. and Meixner, Johannes M. and Munaf{\`o}, Marcus R. and Neijenhuijs, Koen I. and Nilsonne, Gustav and Nosek, Brian A. and Plessow, Franziska and Prenoveau, Jason M. and Ricker, Ashley A. and Schmidt, Kathleen and Spies, Jeffrey R. and Stieger, Stefan and Strohminger, Nina and Sullivan, Gavin B. and van Aert, Robbie C. M. and van Assen, Marcel A. L. M. and Vanpaemel, Wolf and Vianello, Michelangelo and Voracek, Martin and Zuni, Kellylynn},
	date = {2016-03-04},
	doi = {10.1126/science.aad9163},
	issn = {0036-8075, 1095-9203},
	journaltitle = {Science},
	langid = {english},
	number = {6277},
	options = {useprefix=true},
	pages = {1037--1037},
	shortjournal = {Science},
	title = {Response to {{Comment}} on ``{{Estimating}} the Reproducibility of Psychological Science''},
	url = {https://doi.org/10.1126/science.aad9163},
	volume = {351}}

@online{bak-coleman2022,
	author = {Bak-Coleman, Joseph and Mann, Richard P. and West, Jevin and Bergstrom, Carl T.},
	date = {2022-04-27T16:11:25},
	doi = {10.31235/osf.io/rkyf7},
	langid = {american},
	pubstate = {preprint},
	title = {Replication Does Not Reliably Measure Scientific Productivity},
	url = {doi.org/10.31235/osf.io/rkyf7}}

@article{camerer2016,
	author = {Camerer, Colin F. and Dreber, Anna and Forsell, Eskil and Ho, Teck-Hua and Huber, J{\"u}rgen and Johannesson, Magnus and Kirchler, Michael and Almenberg, Johan and Altmejd, Adam and Chan, Taizan and Heikensten, Emma and Holzmeister, Felix and Imai, Taisuke and Isaksson, Siri and Nave, Gideon and Pfeiffer, Thomas and Razen, Michael and Wu, Hang},
	date = {2016-03-25},
	doi = {10.1126/science.aaf0918},
	issn = {0036-8075, 1095-9203},
	journaltitle = {Science},
	langid = {english},
	number = {6280},
	pages = {1433--1436},
	shortjournal = {Science},
	title = {Evaluating Replicability of Laboratory Experiments in Economics},
	url = {https://doi.org/10.1126/science.aaf0918},
	volume = {351}
	}

@article{camerer2018,
	author = {Camerer, Colin F. and Dreber, Anna and Holzmeister, Felix and Ho, Teck-Hua and Huber, J{\"u}rgen and Johannesson, Magnus and Kirchler, Michael and Nave, Gideon and Nosek, Brian A. and Pfeiffer, Thomas and Altmejd, Adam and Buttrick, Nick and Chan, Taizan and Chen, Yiling and Forsell, Eskil and Gampa, Anup and Heikensten, Emma and Hummer, Lily and Imai, Taisuke and Isaksson, Siri and Manfredi, Dylan and Rose, Julia and Wagenmakers, Eric-Jan and Wu, Hang},
	date = {2018-08-27},
	doi = {10.1038/s41562-018-0399-z},
	issn = {2397-3374},
	journaltitle = {Nature Human Behaviour},
	langid = {english},
	number = {9},
	pages = {637--644},
	shortjournal = {Nat Hum Behav},
	title = {Evaluating the Replicability of Social Science Experiments in {{Nature}} and {{Science}} between 2010 and 2015},
	url = {https://doi.org/10.1038/s41562-018-0399-z},
	volume = {2}
	}

@article{crump2013,
	author = {Crump, Matthew J. C. and McDonnell, John V. and Gureckis, Todd M.},
	date = {2013-03-13},
	doi = {10.1371/journal.pone.0057410},
	issn = {1932-6203},
	journaltitle = {PLOS ONE},
	langid = {english},
	number = {3},
	pages = {e57410},
	publisher = {{Public Library of Science}},
	shortjournal = {PLOS ONE},
	title = {Evaluating {{Amazon}}'s {{Mechanical Turk}} as a {{Tool}} for {{Experimental Behavioral Research}}},
	volume = {8},
	url = {https://doi.org/10.1371/journal.pone.0057410}}

@article{devezer2019,
	author = {Devezer, Berna and Nardin, Luis G. and Baumgaertner, Bert and Buzbas, Erkan Ozge},
	date = {2019-05-15},
	doi = {10.1371/journal.pone.0216125},
	issn = {1932-6203},
	journaltitle = {PLOS ONE},
	langid = {english},
	number = {5},
	pages = {e0216125},
	publisher = {{Public Library of Science}},
	shortjournal = {PLOS ONE},
	shorttitle = {Scientific Discovery in a Model-Centric Framework},
	title = {Scientific Discovery in a Model-Centric Framework: {{Reproducibility}}, Innovation, and Epistemic Diversity},
	volume = {14},
	url = {https://doi.org/10.1371/journal.pone.0216125}}

@article{devezer2021,
	author = {Devezer, Berna and Navarro, Danielle J. and Vandekerckhove, Joachim and Ozge Buzbas, Erkan},
	date = {2021-03-31},
	doi = {10.1098/rsos.200805},
	journaltitle = {Royal Society Open Science},
	number = {3},
	pages = {200805},
	publisher = {{Royal Society}},
	shortjournal = {R. Soc. Open Sci.},
	title = {The Case for Formal Methodology in Scientific Reform},
	volume = {8},
	url = {https://doi.org/10.1098/rsos.200805}}

@article{dreber2015,
	author = {Dreber, Anna and Pfeiffer, Thomas and Almenberg, Johan and Isaksson, Siri and Wilson, Brad and Chen, Yiling and Nosek, Brian A. and Johannesson, Magnus},
	date = {2015-12-15},
	doi = {10.1073/pnas.1516179112},
	journaltitle = {Proceedings of the National Academy of Sciences},
	number = {50},
	pages = {15343--15347},
	publisher = {{Proceedings of the National Academy of Sciences}},
	shortjournal = {Proc. Natl. Acad. Sci.},
	title = {Using Prediction Markets to Estimate the Reproducibility of Scientific Research},
	volume = {112},
	url = {https://doi.org/10.1073/pnas.1516179112}}

@article{ebersole2016,
	author = {Ebersole, Charles R. and Atherton, Olivia E. and Belanger, Aimee L. and Skulborstad, Hayley M. and Allen, Jill M. and Banks, Jonathan B. and Baranski, Erica and Bernstein, Michael J. and Bonfiglio, Diane B. V. and Boucher, Leanne and Brown, Elizabeth R. and Budiman, Nancy I. and Cairo, Athena H. and Capaldi, Colin A. and Chartier, Christopher R. and Chung, Joanne M. and Cicero, David C. and Coleman, Jennifer A. and Conway, John G. and Davis, William E. and Devos, Thierry and Fletcher, Melody M. and German, Komi and Grahe, Jon E. and Hermann, Anthony D. and Hicks, Joshua A. and Honeycutt, Nathan and Humphrey, Brandon and Janus, Matthew and Johnson, David J. and Joy-Gaba, Jennifer A. and Juzeler, Hannah and Keres, Ashley and Kinney, Diana and Kirshenbaum, Jacqeline and Klein, Richard A. and Lucas, Richard E. and Lustgraaf, Christopher J. N. and Martin, Daniel and Menon, Madhavi and Metzger, Mitchell and Moloney, Jaclyn M. and Morse, Patrick J. and Prislin, Radmila and Razza, Timothy and Re, Daniel E. and Rule, Nicholas O. and Sacco, Donald F. and Sauerberger, Kyle and Shrider, Emily and Shultz, Megan and Siemsen, Courtney and Sobocko, Karin and Weylin Sternglanz, R. and Summerville, Amy and Tskhay, Konstantin O. and van Allen, Zack and Vaughn, Leigh Ann and Walker, Ryan J. and Weinberg, Ashley and Wilson, John Paul and Wirth, James H. and Wortman, Jessica and Nosek, Brian A.},
	date = {2016-11-01},
	doi = {10.1016/j.jesp.2015.10.012},
	issn = {0022-1031},
	journaltitle = {Journal of Experimental Social Psychology},
	langid = {english},
	options = {useprefix=true},
	pages = {68--82},
	series = {Special {{Issue}}: {{Confirmatory}}},
	shortjournal = {Journal of Experimental Social Psychology},
	shorttitle = {Many {{Labs}} 3},
	title = {Many {{Labs}} 3: {{Evaluating}} Participant Pool Quality across the Academic Semester via Replication},
	volume = {67},
	url = {https://doi.org/10.1016/j.jesp.2015.10.012}}

@article{olsson2020,
	author = {Olsson-Collentine, Anton and van Assen, Marcel ALM and Wicherts, Jelte},
	publisher = {Psychological Bulletin},
	title = {Heterogeneity in direct replications in psychology and its association with effect size},
	year = {2020},
	doi={https://doi.org/10.1037/bul0000294},
	url={https://doi.org/10.1037/bul0000294}}

@article{ebersole2020,
	author = {Ebersole, Charles R and Mathur, Maya B and Baranski, Erica and Bart-Plange, Diane-Jo and Buttrick, Nicholas R and Chartier, Christopher R and ... and Nosek, Brian A.},
	date = {2020-09-01},
	date-modified = {2023-07-08 18:00:06 +0200},
	doi = {10.1177/2515245920958687},
	issn = {2515-2459},
	journaltitle = {Advances in Methods and Practices in Psychological Science},
	number = {3},
	options = {useprefix=true},
	pages = {309--331},
	publisher = {{SAGE Publications Inc}},
	shortjournal = {Adv. Methods Pract. Psychol. Sci.},
	shorttitle = {Many {{Labs}} 5},
	title = {Many {{Labs}} 5: {{Testing Pre-Data-Collection Peer Review}} as an {{Intervention}} to {{Increase Replicability}}},
	url = {https://doi.org/10.1177/2515245920958687},
	volume = {3}
	}

@article{errington2021,
	author = {Errington, Timothy M and Mathur, Maya and Soderberg, Courtney K and Denis, Alexandria and Perfito, Nicole and Iorns, Elizabeth and Nosek, Brian A},
	date = {2021-12-07},
	doi = {10.7554/eLife.71601},
	editor = {Pasqualini, Renata and Franco, Eduardo},
	issn = {2050-084X},
	journaltitle = {eLife},
	pages = {e71601},
	publisher = {{eLife Sciences Publications, Ltd}},
	title = {Investigating the Replicability of Preclinical Cancer Biology},
	url = {https://doi.org/10.7554/eLife.71601},
	volume = {10}
	}
	
@article{etz2016,
	author = {Etz, Alexander and Vandekerckhove, Joachim},
	date = {2016-02-26},
	doi = {10.1371/journal.pone.0149794},
	issn = {1932-6203},
	journaltitle = {PLOS ONE},
	langid = {english},
	number = {2},
	pages = {e0149794},
	publisher = {{Public Library of Science}},
	shortjournal = {PLOS ONE},
	shorttitle = {A {{Bayesian Perspective}} on the {{Reproducibility Project}}},
	title = {A {{Bayesian Perspective}} on the {{Reproducibility Project}}: {{Psychology}}},
	volume = {11},
	url = {https://doi.org/10.1371/journal.pone.0149794}}

@article{forsell2019,
	author = {Forsell, Eskil and Viganola, Domenico and Pfeiffer, Thomas and Almenberg, Johan and Wilson, Brad and Chen, Yiling and Nosek, Brian A. and Johannesson, Magnus and Dreber, Anna},
	date = {2019-12-01},
	doi = {10.1016/j.joep.2018.10.009},
	issn = {0167-4870},
	journaltitle = {Journal of Economic Psychology},
	langid = {english},
	pages = {102117},
	series = {Replications in {{Economic Psychology}} and {{Behavioral Economics}}},
	shortjournal = {Journal of Economic Psychology},
	title = {Predicting Replication Outcomes in the {{Many Labs}} 2 Study},
	volume = {75},
	url = {https://doi.org/10.1016/j.joep.2018.10.009}}

@article{frank2012,
	author = {Frank, Michael C. and Saxe, Rebecca},
	date = {2012-11-07},
	doi = {10.1177/1745691612460686},
	journaltitle = {Perspectives on Psychological Science},
	langid = {english},
	publisher = {{SAGE PublicationsSage CA: Los Angeles, CA}},
	shortjournal = {Perspect. Psychol. Sci.},
	shorttitle = {Teaching {{Replication}}},
	title = {Teaching {{Replication}}},
	url = {https://doi.org/10.1177/1745691612460686}}

@article{gelman2018,
	author = {Gelman, Andrew},
	doi = {10.1017/S0140525X18000638},
	issn = {0140-525X, 1469-1825},
	journaltitle = {Behavioral and Brain Sciences},
	langid = {english},
	pages = {e128},
	publisher = {{Cambridge University Press}},
	shortjournal = {Behav. Brain Sci.},
	title = {Don't Characterize Replications as Successes or Failures},
	volume = {41},
	year = {2018/ed},
	url = {https://doi.org/10.1017/S0140525X18000638}}

@article{gilbert2016,
	author = {Gilbert, Daniel T. and King, Gary and Pettigrew, Stephen and Wilson, Timothy D.},
	date = {2016-03-04},
	doi = {10.1126/science.aad7243},
	journaltitle = {Science},
	number = {6277},
	pages = {1037--1037},
	publisher = {{American Association for the Advancement of Science}},
	title = {Comment on ``{{Estimating}} the Reproducibility of Psychological Science''},
	volume = {351},
	url = {https://doi.org/10.1126/science.aad7243}}

@article{hagger2016,
	author = {Hagger, M. S. and Chatzisarantis, N. L. D. and Alberts, H. and Anggono, C. O. and Batailler, C. and Birt, A. R. and Brand, R. and Brandt, M. J. and Brewer, G. and Bruyneel, S. and Calvillo, D. P. and Campbell, W. K. and Cannon, P. R. and Carlucci, M. and Carruth, N. P. and Cheung, T. and Crowell, A. and De Ridder, D. T. D. and Dewitte, S. and Elson, M. and Evans, J. R. and Fay, B. A. and Fennis, B. M. and Finley, A. and Francis, Z. and Heise, E. and Hoemann, H. and Inzlicht, M. and Koole, S. L. and Koppel, L. and Kroese, F. and Lange, F. and Lau, K. and Lynch, B. P. and Martijn, C. and Merckelbach, H. and Mills, N. V. and Michirev, A. and Miyake, A. and Mosser, A. E. and Muise, M. and Muller, D. and Muzi, M. and Nalis, D. and Nurwanti, R. and Otgaar, H. and Philipp, M. C. and Primoceri, P. and Rentzsch, K. and Ringos, L. and Schlinkert, C. and Schmeichel, B. J. and Schoch, S. F. and Schrama, M. and Sch{\"u}tz, A. and Stamos, A. and Tingh{\"o}g, G. and Ullrich, J. and {vanDellen}, M. and Wimbarti, S. and Wolff, W. and Yusainy, C. and Zerhouni, O. and Zwienenberg, M.},
	date = {2016-07-01},
	doi = {10.1177/1745691616652873},
	issn = {1745-6916},
	journaltitle = {Perspectives on Psychological Science},
	langid = {english},
	number = {4},
	pages = {546--573},
	publisher = {{SAGE Publications Inc}},
	shortjournal = {Perspect Psychol Sci},
	title = {A {{Multilab Preregistered Replication}} of the {{Ego-Depletion Effect}}},
	volume = {11},
	url= {https://doi.org/10.1177/1745691616652873}}

@article{hedges2019,
	author = {Hedges, Larry V. and Schauer, Jacob M.},
	date = {2019-10},
	doi = {10.1037/met0000189},
	eprint = {30070547},
	eprinttype = {pmid},
	issn = {1939-1463},
	journaltitle = {Psychological Methods},
	langid = {english},
	number = {5},
	pages = {557--570},
	shortjournal = {Psychol Methods},
	shorttitle = {Statistical Analyses for Studying Replication},
	title = {Statistical Analyses for Studying Replication: {{Meta-analytic}} Perspectives},
	volume = {24},
	url= {https://doi.org/10.1037/met0000189}}

@report{hoogeveen2019,
	author = {Hoogeveen, Suzanne and Sarafoglou, Alexandra and Wagenmakers, Eric-Jan},
	date = {2019-09-25},
	doi = {10.31234/osf.io/egw9d},
	institution = {{PsyArXiv}},
	title = {Laypeople {{Can Predict Which Social Science Studies Replicate}}},
	type = {preprint},
	url = {https://doi.org/10.31234/osf.io/egw9d}}

@article{isager2020,
	author = {Isager, Peder M. and van Aert, Robbie C. M. and Bahn{\'\i}k, {\v S}t{\v e}p{\'a}n and Brandt, Mark and DeSoto, K. Andrew and Giner-Sorolla, Roger and Krueger, Joachim and Perugini, Marco and Ropovik, Ivan and van 't Veer, Anna and Vranka, Marek A. and Lakens, Daniel},
	date = {2020-09-02T07:00:32},
	doi = {10.31222/osf.io/2gurz},
	publisher = {{MetaArXiv}},
	shorttitle = {Deciding What to Replicate},
	title = {Deciding What to Replicate: {{A}} Decision Model for Replication Study Selection under Resource and Knowledge Constraints.},
	url = {https://doi.org/10.31222/osf.io/2gurz}}

@article{jekel2020,
	author = {Jekel, Marc and Fiedler, Susann and Allstadt Torras, Ramona and Mischkowski, Dorothee and Dorrough, Angela Rachael and Gl{\"o}ckner, Andreas},
	date = {2020-03-01},
	doi = {10.1177/1475725719868149},
	issn = {1475-7257},
	journaltitle = {Psychology Learning \& Teaching},
	number = {1},
	pages = {91--106},
	publisher = {{SAGE Publications}},
	shortjournal = {Psychol. Learn. Teach.},
	title = {How to {{Teach Open Science Principles}} in the {{Undergraduate Curriculum}}---{{The Hagen Cumulative Science Project}}},
	url = {https://doi.org/10.1177/1475725719868149}
	}

@article{jern2018,
	author = {Jern, Alan},
	date = {2018},
	doi = {10.1037/stl0000104},
	issn = {2332-211X},
	journaltitle = {Scholarship of Teaching and Learning in Psychology},
	location = {{US}},
	pages = {64--68},
	publisher = {{Educational Publishing Foundation}},
	shortjournal = {Scholarsh. Teach. Learn. Psychol.},
	title = {A Preliminary Study of the Educational Benefits of Conducting Replications in the Classroom},
	volume = {4},
	url = {https://doi.org/10.1037/stl0000104}}

@article{klein2014,
	author = {Klein, Richard A. and Ratliff, Kate A. and Vianello, Michelangelo and Adams, Reginald B. and Bahn\'ik, \vSt\vep\'an and Bernstein, Michael J.  and ... and Nosek, Brian A.},
	date = {2014-05-01},
	date-modified = {2023-07-08 18:03:09 +0200},
	doi = {10.1027/1864-9335/a000178},
	issn = {1864-9335, 2151-2590},
	journaltitle = {Social Psychology},
	langid = {english},
	number = {3},
	options = {useprefix=true},
	pages = {142--152},
	shortjournal = {Social Psychology},
	shorttitle = {Investigating {{Variation}} in {{Replicability}}},
	title = {Investigating {{Variation}} in {{Replicability}}: {{A}} ``{{Many Labs}}'' {{Replication Project}}},
	volume = {45},
	year = {2014},
	url = {https://doi.org/10.1027/1864-9335/a000178}}

@article{klein2018,
	author = {Klein, Richard A. and Vianello, Michelangelo and Hasselman, Fred and Adams, Byron G. and Adams, Reginald B. and Alper, Sinan and ... and Nosek, Brian A.},
	date = {2018-12-01},
	date-modified = {2023-07-08 18:02:18 +0200},
	doi = {10.1177/2515245918810225},
	issn = {2515-2459},
	journaltitle = {Advances in Methods and Practices in Psychological Science},
	number = {4},
	options = {useprefix=true},
	pages = {443--490},
	publisher = {{SAGE Publications Inc}},
	shortjournal = {Adv. Methods Pract. Psychol. Sci.},
	shorttitle = {Many {{Labs}} 2},
	title = {Many {{Labs}} 2: {{Investigating Variation}} in {{Replicability Across Samples}} and {{Settings}}},
	url = {https://doi.org/10.1177/2515245918810225},
	volume = {1},
	year = {2018}
	}
	
@article{klein2022,
	author = {Klein, Richard A and Cook, Corey L. and Ebersole, Charles R. and Vitiello, Christine and Nosek, Brian A. and Hilgard, Joseph and Ahn, Paul Hangsan and Brady, Abbie J. and Chartier, Christopher R. and Christopherson, Cody D. and Clay, Samuel and Collisson, Brian and Crawford, Jarret T. and Cromar, Ryan and Gardiner, Gwendolyn and Gosnell, Courtney L. and Grahe, Jon and Hall, Calvin and Howard, Irene and Joy-Gaba, Jennifer A. and Kolb, Miranda and Legg, Angela M. and Levitan, Carmel A. and Mancini, Anthony D. and Manfredi, Dylan and Miller, Jason and Nave, Gideon and Redford, Liz and Schlitz, Ilaria and Schmidt, Kathleen and Skorinko, Jeanine L. M. and Storage, Daniel and Swanson, Trevor and Van Swol, Lyn M. and Vaughn, Leigh Ann and Vidamuerte, Devere and Wiggins, Brady and Ratliff, Kate A.},
	date = {2022-04-29},
	doi = {10.1525/collabra.35271},
	issn = {2474-7394},
	journaltitle = {Collabra: Psychology},
	number = {1},
	pages = {35271},
	shortjournal = {Collabra: Psychology},
	shorttitle = {Many {{Labs}} 4},
	title = {Many {{Labs}} 4: {{Failure}} to {{Replicate Mortality Salience Effect With}} and {{Without Original Author Involvement}}},
	url = {https://doi.org/10.1525/collabra.35271},
	volume = {8}
	}

@article{lewandowsky2020,
	author = {Lewandowsky, Stephan and Oberauer, Klaus},
	date = {2020-01-17},
	doi = {10.1038/s41467-019-14203-0},
	issn = {2041-1723},
	journaltitle = {Nature Communications},
	langid = {english},
	number = {1},
	pages = {1--12},
	shortjournal = {Nat Commun},
	title = {Low Replicability Can Support Robust and Efficient Science},
	volume = {11},
	url = {https://doi.org/10.1038/s41467-019-14203-0}}

@article{mathur2020,
	author = {Mathur, Maya B. and VanderWeele, Tyler J.},
	date = {2020},
	doi = {10.1111/rssa.12572},
	issn = {1467-985X},
	journaltitle = {Journal of the Royal Statistical Society: Series A (Statistics in Society)},
	langid = {english},
	number = {3},
	pages = {1145--1166},
	shortjournal = {J. R. Stat. Soc. Ser. A Stat. Soc.},
	title = {New Statistical Metrics for Multisite Replication Projects},
	volume = {183},
	url= {https://doi.org/10.1111/rssa.12572}}

@article{mcshane2019,
	author = {McShane, Blakeley B. and Tackett, Jennifer L. and B{\"o}ckenholt, Ulf and Gelman, Andrew},
	date = {2019-03-29},
	doi = {10.1080/00031305.2018.1505655},
	issn = {0003-1305},
	issue = {sup1},
	journaltitle = {The American Statistician},
	pages = {99--105},
	publisher = {{Taylor \& Francis}},
	shortjournal = {Am. Stat.},
	title = {Large-{{Scale Replication Projects}} in {{Contemporary Psychological Research}}},
	url = {https://doi.org/10.1080/00031305.2018.1505655},
	volume = {73}
	}

@article{nosek2020,
	author = {Nosek, Brian A. and Errington, Timothy M.},
	date = {2020-07},
	doi = {10.1038/d41586-020-02142-6},
	issue = {7817},
	journaltitle = {Nature},
	langid = {english},
	number = {7817},
	pages = {518--520},
	publisher = {{Nature Publishing Group}},
	shorttitle = {The Best Time to Argue about What a Replication Means?},
	title = {The Best Time to Argue about What a Replication Means? {{Before}} You Do It},
	volume = {583},
	url = {https://doi.org/10.1038/d41586-020-02142-6}}

@article{nosek2022,
	author = {Nosek, Brian A. and Hardwicke, Tom E. and Moshontz, Hannah and Allard, Aur{\'e}lien and Corker, Katherine S. and Dreber, Anna and Fidler, Fiona and Hilgard, Joe and Kline Struhl, Melissa and Nuijten, Mich{\`e}le B. and Rohrer, Julia M. and Romero, Felipe and Scheel, Anne M. and Scherer, Laura D. and Sch{\"o}nbrodt, Felix D. and Vazire, Simine},
	date = {2022-01-04},
	doi = {10.1146/annurev-psych-020821-114157},
	eprint = {34665669},
	eprinttype = {pmid},
	ids = {nosek2022a},
	issn = {0066-4308, 1545-2085},
	journaltitle = {Annual Review of Psychology},
	langid = {english},
	number = {1},
	pages = {719--748},
	shortjournal = {Annu. Rev. Psychol.},
	title = {Replicability, {{Robustness}}, and {{Reproducibility}} in {{Psychological Science}}},
	volume = {73},
	url = {https://doi.org/10.1146/annurev-psych-020821-114157}}

@article{odonnell2021,
	author = {O'Donnell, Michael and Dev, Amelia S. and Antonoplis, Stephen and Baum, Stephen M. and Benedetti, Arianna H. and Brown, N. Derek and Carrillo, Belinda and Choi, Andrew L. and Connor, Paul and Donnelly, Kristin and Ellwood-Lowe, Monica E. and Foushee, Ruthe and Jansen, Rachel and Jarvis, Shoshana N. and Lundell-Creagh, Ryan and Ocampo, Joseph M. and Okafor, Gold N. and Azad, Zahra Rahmani and Rosenblum, Michael and Schatz, Derek and Stein, Daniel H. and Wang, Yilu and Moore, Don A. and Nelson, Leif D.},
	date = {2021-11-02},
	doi = {10.1073/pnas.2103313118},
	issn = {0027-8424, 1091-6490},
	journaltitle = {Proceedings of the National Academy of Sciences},
	langid = {english},
	number = {44},
	pages = {e2103313118},
	shortjournal = {Proc. Natl. Acad. Sci. U.S.A.},
	title = {Empirical Audit and Review and an Assessment of Evidentiary Value in Research on the Psychological Consequences of Scarcity},
	volume = {118},
	url = {https://doi.org/10.1073/pnas.2103313118}}

@article{brms,
	author = {Paul-Christian B{\"u}rkner},
	doi = {10.18637/jss.v080.i01},
	encoding = {UTF-8},
	journal = {Journal of Statistical Software},
	number = {1},
	pages = {1--28},
	title = {{brms}: An {R} Package for {Bayesian} Multilevel Models Using {Stan}},
	volume = {80},
	year = {2017},
	url= {https://doi.org/10.18637/jss.v080.i01}}

@inproceedings{carvalho09,
	address = {Hilton Clearwater Beach Resort, Clearwater Beach, Florida USA},
	author = {Carvalho, Carlos M. and Polson, Nicholas G. and Scott, James G.},
	booktitle = {Proceedings of the Twelth International Conference on Artificial Intelligence and Statistics},
	editor = {van Dyk, David and Welling, Max},
	month = {16--18 Apr},
	pages = {73--80},
	pdf = {http://proceedings.mlr.press/v5/carvalho09a/carvalho09a.pdf},
	publisher = {PMLR},
	series = {Proceedings of Machine Learning Research},
	title = {Handling Sparsity via the Horseshoe},
	volume = {5},
	year = {2009},
	url = {https://proceedings.mlr.press/v5/carvalho09a.html}}

@article{openscienceconsortium2015,
	author = {{Open Science Consortium}},
	journaltitle = {Science},
	title = {Estimating the Reproducibility of Psychological Science},
	url = {doi.org/10.1126/science.aac4716},
	year = {2015},
	doi={10.1126/science.aac4716}
	}

@article{patil2016,
	author = {Patil, Prasad and Peng, Roger D. and Leek, Jeffrey T.},
	date = {2016-07},
	doi = {10.1177/1745691616646366},
	eprint = {27474140},
	eprinttype = {pmid},
	issn = {1745-6924},
	journaltitle = {Perspectives on Psychological Science: A Journal of the Association for Psychological Science},
	langid = {english},
	number = {4},
	pages = {539--544},
	pmcid = {PMC4968573},
	shortjournal = {Perspect Psychol Sci},
	shorttitle = {What {{Should Researchers Expect When They Replicate Studies}}?},
	title = {What {{Should Researchers Expect When They Replicate Studies}}? {{A Statistical View}} of {{Replicability}} in {{Psychological Science}}},
	volume = {11},
	url= {https://doi.org/10.1177/1745691616646366}}

@article{pawel2020,
	author = {Pawel, Samuel and Held, Leonhard},
	date = {2020-04-22},
	doi = {10.1371/journal.pone.0231416},
	issn = {1932-6203},
	journaltitle = {PLOS ONE},
	langid = {english},
	number = {4},
	pages = {e0231416},
	publisher = {{Public Library of Science}},
	shortjournal = {PLOS ONE},
	title = {Probabilistic Forecasting of Replication Studies},
	volume = {15},
	url = {https://doi.org/10.1371/journal.pone.0231416}}

@article{pownall2021,
	author = {Pownall, Madeleine and Azevedo, Flavio and Aldoh, Alaa and Elsherif, Mahmoud and Vasilev, Martin and Pennington, Charlotte R. and Robertson, Olly and Tromp, Myrthe Vel and Liu, Meng and Makel, Matthew C. and Tonge, Natasha and Moreau, David and Horry, Ruth and Shaw, John and Tzavella, Loukia and McGarrigle, Ronan and Talbot, Catherine and Parsons, Sam},
	date = {2021},
	doi = {10.1037/stl0000307},
	issn = {2332-211X},
	journaltitle = {Scholarship of Teaching and Learning in Psychology},
	location = {{US}},
	pages = {No Pagination Specified-No Pagination Specified},
	publisher = {{Educational Publishing Foundation}},
	shortjournal = {Scholarsh. Teach. Learn. Psychol.},
	shorttitle = {Embedding Open and Reproducible Science into Teaching},
	title = {Embedding Open and Reproducible Science into Teaching: {{A}} Bank of Lesson Plans and Resources},
	url = {https://doi.org/10.1037/stl0000307}}

@report{protzko2020,
	author = {Protzko, John and Krosnick, Jon and Nelson, Leif D. and Nosek, Brian A. and Axt, Jordan and Berent, Matthew and Buttrick, Nick and DeBell, Matthew and Ebersole, Charles R. and Lundmark, Sebastian and MacInnis, Bo and O'Donnell, Michael and Perfecto, Hannah and Pustejovsky, James E and Roeder, Scott S. and Walleczek, Jan and Schooler, Jonathan},
	date = {2020-09-10},
	doi = {10.31234/osf.io/n2a9x},
	institution = {{PsyArXiv}},
	langid = {english},
	title = {High {{Replicability}} of {{Newly-Discovered Social-behavioral Findings}} Is {{Achievable}}},
	type = {preprint},
  url = {https://doi.org/10.31234/osf.io/n2a9x}}

@article{quintana2021,
	author = {Quintana, Daniel S.},
	date = {2021-09},
	doi = {10.1038/s41562-021-01192-8},
	issn = {2397-3374},
	issue = {9},
	journaltitle = {Nature Human Behaviour},
	langid = {english},
	number = {9},
	pages = {1117--1118},
	publisher = {{Nature Publishing Group}},
	shortjournal = {Nat Hum Behav},
	title = {Replication Studies for Undergraduate Theses to Improve Science and Education},
	volume = {5},
	url = {https://doi.org/10.1038/s41562-021-01192-8}}

@unpublished{ramscar2015,
	author = {Ramscar, Michael and Shaoul, Cyrus and Baayen, R Harald},
	langid = {english},
	title = {Why Many Priming Results Don't (and Won't) Replicate: {{A}} Quantitative Analysis},
	year = {2015}}

@article{schmidt2009,
	author = {Schmidt, Stefan},
	date = {2009-06-01},
	doi = {10.1037/a0015108},
	issn = {1089-2680},
	journaltitle = {Review of General Psychology},
	langid = {english},
	number = {2},
	pages = {90--100},
	publisher = {{SAGE Publications Inc}},
	shortjournal = {Rev. Gen. Psychol.},
	shorttitle = {Shall We {{Really}} Do It {{Again}}?},
	title = {Shall We {{Really}} Do It {{Again}}? {{The Powerful Concept}} of {{Replication}} Is {{Neglected}} in the {{Social Sciences}}},
	url = {https://doi.org/10.1037/a0015108},
	volume = {13}
	}

@article{simonsohn2015,
	author = {Simonsohn, Uri},
	date = {2015-05-01},
	doi = {10.1177/0956797614567341},
	issn = {0956-7976},
	journaltitle = {Psychological Science},
	langid = {english},
	number = {5},
	pages = {559--569},
	publisher = {{SAGE Publications Inc}},
	shortjournal = {Psychol Sci},
	shorttitle = {Small {{Telescopes}}},
	title = {Small {{Telescopes}}: {{Detectability}} and the {{Evaluation}} of {{Replication Results}}},
	url = {https://doi.org/10.1177/0956797614567341},
	volume = {26},
	}

@article{vanbavel2016,
	author = {Van Bavel, Jay J. and Mende-Siedlecki, Peter and Brady, William J. and Reinero, Diego A.},
	date = {2016-06-07},
	doi = {10.1073/pnas.1521897113},
	journaltitle = {Proceedings of the National Academy of Sciences},
	number = {23},
	pages = {6454--6459},
	publisher = {{Proceedings of the National Academy of Sciences}},
	shortjournal = {Proc. Natl. Acad. Sci.},
	title = {Contextual Sensitivity in Scientific Reproducibility},
	volume = {113},
	url = {https://doi.org/10.1073/pnas.1521897113}}

@article{wagge2019,
	author = {Wagge, Jordan R. and Brandt, Mark J. and Lazarevic, Ljiljana B. and Legate, Nicole and Christopherson, Cody and Wiggins, Brady and Grahe, Jon E.},
	date = {2019},
	issn = {1664-1078},
	journaltitle = {Frontiers in Psychology},
	shortjournal = {Front. Psychol.},
	shorttitle = {Publishing {{Research With Undergraduate Students}} via {{Replication Work}}},
	title = {Publishing {{Research With Undergraduate Students}} via {{Replication Work}}: {{The Collaborative Replications}} and {{Education Project}}},
	url = {https://doi.org/10.3389/fpsyg.2019.00247},
	volume = {10},
	}

@article{wilson2020,
	author = {Wilson, Brent M. and Harris, Christine R. and Wixted, John T.},
	date = {2020-03-17},
	doi = {10.1073/pnas.1914237117},
	issn = {0027-8424, 1091-6490},
	journaltitle = {Proceedings of the National Academy of Sciences},
	langid = {english},
	number = {11},
	pages = {5559--5567},
	shortjournal = {Proc. Natl. Acad. Sci. U.S.A.},
	title = {Science Is Not a Signal Detection Problem},
	volume = {117},
	url = {https://doi.org/10.1073/pnas.1914237117}}

@article{yang2020,
	author = {Yang, Yang and Youyou, Wu and Uzzi, Brian},
	date = {2020-05-19},
	doi = {10.1073/pnas.1909046117},
	journaltitle = {Proceedings of the National Academy of Sciences},
	number = {20},
	pages = {10762--10768},
	publisher = {{Proceedings of the National Academy of Sciences}},
	shortjournal = {Proc. Natl. Acad. Sci.},
	title = {Estimating the Deep Replicability of Scientific Findings Using Human and Artificial Intelligence},
	volume = {117},
	url = {https://doi.org/10.1073/pnas.1909046117}}

@article{youyou2023,
	author = {Youyou, Wu and Yang, Yang and Uzzi, Brian},
	date = {2023-02-07},
	doi = {10.1073/pnas.2208863120},
	ids = {youyou2023a},
	journaltitle = {Proceedings of the National Academy of Sciences},
	number = {6},
	pages = {e2208863120},
	publisher = {{Proceedings of the National Academy of Sciences}},
	shortjournal = {Proc. Natl. Acad. Sci.},
	title = {A Discipline-Wide Investigation of the Replicability of {{Psychology}} Papers over the Past Two Decades},
	volume = {120},
	url = {https://doi.org/10.1073/pnas.2208863120}}
